% Encoding: UTF-8

@Misc{max,
  author = {Paulo Porta},
  editor = {},
  title  = {Técnicas de Filtrado},
  year   = {},
  date   = {},
  url    = {http://www.pauloporta.com/Fotografia/Artigos/filtros.htm},
}

@Misc{cuda_by_example,
  author = {Jason Sanders and Edward Kandrot},
  title  = {CUDA by Example: An introduction to general-purpose GPU programming},
  year   = {2011},
  url    = {http://www.mat.unimi.it/users/sansotte/cuda/CUDA_by_Example.pdf},
}

@Misc{info_cuda,
  author = {Søren Maagaard Olesen and Simon Lyder},
  title  = {Applying 2D filters using GPU’s and CUDA},
  year   = {2010},
  url    = {http://citeseerx.ist.psu.edu/viewdoc/download?doi=10.1.1.705.8599&rep=rep1&type=pdf},
}

@Misc{victor_cuda,
  author = {Victor Podlozhnyuk},
  title  = {Image Convolution with CUDA},
  year   = {2012},
  url    = {http://ecee.colorado.edu/~siewerts/extra/code/example_code_archive/a490dmis_code/CUDA/cuda_work/samples/3_Imaging/convolutionSeparable/doc/convolutionSeparable.pdf},
}

@Misc{warp_cuda,
  author = {Yuan Lin and Vinod Grover},
  title  = {Using CUDA Warp-Level Primitives},
  year   = {2018},
  url    = {https://devblogs.nvidia.com/using-cuda-warp-level-primitives/},
}

@Misc{lti_max,
  author = {Pablo Alvarado and others},
  title  = {lti::maximumFilter< T > Class Template Reference},
  year   = {2016},
  url    = {http://www.ie.tec.ac.cr/palvarado/ltilib-2/html/classlti_1_1maximumFilter.html},
}

@Misc{separable_pablo,
  author = {Pablo Alvarado},
  title  = {Filtros en el dominio espacial},
  year   = {2015},
  url    = {http://www.ie.tec.ac.cr/palvarado/MSc/PAID/lec05.1.pdf},
}

@Misc{nvidia_separable,
  author = {NVIDIA},
  title  = {CUDA Separable Convolution},
  year   = {2012},
  url    = {http://ecee.colorado.edu/~siewerts/extra/code/example_code_archive/a490dmis_code/CUDA/cuda_work/samples/Samples.html},
}

@Misc{log0,
  author = {Pseudonimo:Log0},
  title  = {Differences between the L1-norm and the L2-norm (Least Absolute Deviations and Least Squares)},
  year   = {2013},
  url    = {http://www.chioka.in/differences-between-the-l1-norm-and-the-l2-norm-least-absolute-deviations-and-least-squares/},
}

@Misc{norm2,
  author = {Wattanit Hotrakool},
  title  = {l0-Norm, l1-Norm, l2-Norm, … , l-infinity Norm},
  year   = {2012},
  url    = {https://rorasa.wordpress.com/2012/05/13/l0-norm-l1-norm-l2-norm-l-infinity-norm/},
}

@Misc{warp2,
  author = {Justin Luitjens},
  title  = {Faster Parallel Reductions on Kepler},
  year   = {2014},
  url    = {https://devblogs.nvidia.com/faster-parallel-reductions-kepler/},
}

@Comment{jabref-meta: databaseType:biblatex;}
