% This file was created with JabRef 2.10.
% Encoding: UTF-8


@Misc{fft_ccd,
  Title                    = {Concepts in Digital Imaging Technology: Full-Frame CCD Architecture},

  Author                   = {Mortimer Abramowitz and Michael W. Davidson},

  Owner                    = {alvaro},
  Timestamp                = {2018.09.29},
  Url                      = {http://hamamatsu.magnet.fsu.edu/articles/fullframe.html}
}

@Misc{ft_ccd,
  Title                    = {Concepts in Digital Imaging Technology: Frame-Transfer CCD Architecture},

  Author                   = {Mortimer Abramowitz and Michael W. Davidson},

  Owner                    = {alvaro},
  Timestamp                = {2018.09.29},
  Url                      = {http://hamamatsu.magnet.fsu.edu/articles/frametransfer.html}
}

@Misc{IL_CCD1,
  Title                    = {Concepts in Digital Imaging Technology: Interline Transfer CCD Architecture},

  Author                   = {Mortimer Abramowitz and Michael W. Davidson},

  Owner                    = {alvaro},
  Timestamp                = {2018.09.29},
  Url                      = {http://hamamatsu.magnet.fsu.edu/articles/interline.html}
}

@Misc{andor,
  Title                    = {CCD Sensor Architectures},

  Author                   = {{Andor.com}},

  Owner                    = {alvaro},
  Timestamp                = {2018.09.29},
  Url                      = {http://www.andor.com/learning-academy/ccd-sensor-architectures-architectures-commonly-used-for-high-performance-cameras}
}

@Misc{bayer,
  Title                    = {Digital Camera Sensors},

  Author                   = {{Cambridge in Colour}},

  Owner                    = {alvaro},
  Timestamp                = {2018.09.29},
  Url                      = {https://www.cambridgeincolour.com/tutorials/camera-sensors.htm}
}

@Misc{3ccd,
  Title                    = {How does a 3CCD camera improve color accuracy and spatial resolution versus standard Bayer color cameras?},

  Author                   = {Jon Chouinard},
  Month                    = {Noviembre},
  Year                     = {2016},

  Owner                    = {alvaro},
  Timestamp                = {2018.09.29},
  Url                      = {https://www.1stvision.com/machine-vision-solutions/2016/11/jai-3ccd-camera-color-machine-vision.html}
}

@Misc{foveon,
  Title                    = {Direct Image Sensors: An entirely new way to capture color},

  Author                   = {{Foveon}},
  Month                    = {2010},

  Owner                    = {alvaro},
  Timestamp                = {2018.09.29},
  Url                      = {http://www.foveon.com/article.php?a=67}
}

@Misc{cmos,
  Title                    = {CCD o CMOS: Â¿Es posible que los sensores CMOS sustituyan a los CCD en todos los casos?},

  Author                   = {Infaimon(Pseudonomo)},
  Month                    = {Junio},
  Year                     = {2016},

  Owner                    = {alvaro},
  Timestamp                = {2018.09.29},
  Url                      = {https://blog.infaimon.com/ccd-o-cmos-es-posible-sensores-cmos-sustituyan-ccd/}
}

@Misc{ccd_sensor1,
  Title                    = {What Is A CCD?},

  Author                   = {{Spectral Instruments, Inc}},

  Owner                    = {alvaro},
  Timestamp                = {2018.09.29},
  Url                      = {http://www.specinst.com/What_Is_A_CCD.html}
}

@Misc{ccd_vs_cmos_1,
  Title                    = {CCD vs CMOS},

  Author                   = {{Teledyne DALSA}},

  Owner                    = {alvaro},
  Timestamp                = {2018.09.29},
  Url                      = {https://www.teledynedalsa.com/en/learn/knowledge-center/ccd-vs-cmos/}
}

@Misc{bayer2,
  Title                    = {Bayer filter: What is it and how does it work?},

  Author                   = {{What Digital Camera}},
  Month                    = {Enero},
  Year                     = {2015},

  Owner                    = {alvaro},
  Timestamp                = {2018.09.29},
  Url                      = {https://www.whatdigitalcamera.com/technology_guides/bayer-filter-work-60461}
}

@comment{jabref-meta: databaseType:biblatex;}

